@misc{PythonSpeed,
  title = {{PythonSpeed/PerformancesTips}},
  howpublished = "\url{http://wiki.python.org/moin/PythonSpeed/PerformanceTips}", 
  note = "[Online; accessed 06-November-2012]"
}
@misc{PypySpeed,
  title = {{Pypy's speed center}},
  howpublished = "\url{http://speed.pypy.org/}", 
  note = "[Online; accessed 20-November-2012]"
}
@misc{PypyDiff,
  title = {{Differences between PyPy and CPython}},
  howpublished = "\url{http://pypy.readthedocs.org/en/latest/cpython_differences.html}", 
  note = "[Online; accessed 20-November-2012]"
}
@misc{PythonVsCpp,
  title = {{Python 3 speed / C++ gcc speed}},
  howpublished = "\url{http://shootout.alioth.debian.org/u32/benchmark.php?test=all&lang=python3&lang2=gpp}", 
  note = "[Online; accessed 27-November-2012]"
}
@misc{ZenPython,
  title = {{PEP 20 -- The Zen of Python }},
  howpublished = "\url{http://www.python.org/dev/peps/pep-0020/}", 
  note = "[Online; accessed 27-November-2012]"
}
@InProceedings{PythranRenpar,
author = {Serge GUELTON},
title = {Pythran : Génération automatique de modules natifs
parallèles pour Python avec annotations OpenMP},
booktitle = {ComPAS2013},
year = {2013}
}
@misc{NumPyPerf,
  title = {{A beginners guide to using Python for performance computing}},
  howpublished = "\url{http://http://scipy.org/PerformancePython}", 
  note = "[Online; accessed 21-November-2012]"
}
@book{Allen,
author = {Arnold Allen},
title = {Computer Performance Analysis with Mathematica},
year = {1994},
publisher= {Academic Press}
}
@misc{CallOverhead,
  title = {{ Function call overhead benchmarks with MATLAB, Octave, Python, Cython and C}},
  author = {André Gaul},
  howpublished = "\url{http://arxiv.org/abs/1202.2736}", 
  note = "[Online; accessed 28-November-2012]"
}